% This file was created with JabRef 2.7.
% Encoding: MacRoman

@UNPUBLISHED{graf,
  author = {Graf, D. and Krebs, M.},
  title = {Train Boarding Platform Simulation},
  note = {Modelling and Simulating Social Systems with MATLAB, ETHZ},
  year = {2010},
  owner = {fabio},
  timestamp = {2011.12.14}
}

@ARTICLE{helbing2000,
  author = {Helbing, D. and Farkas, I. and Vicsek, T.},
  title = {Simulating dynamical features of escape panic},
  journal = {Nature},
  year = {2000},
  volume = {407},
  pages = {487-490},
  number = {6803},
  owner = {fabio},
  timestamp = {2011.12.14}
}

@ARTICLE{Helbing1995,
  author = {Helbing, D. and Molnar, P.},
  title = {Social Force Model for Pedestrian Dynamics},
  journal = {Physical Review E},
  year = {1995},
  volume = {51},
  pages = {4282-4286},
  number = {5},
  owner = {fabio},
  timestamp = {2011.12.14}
}

@CONFERENCE{Kneidl,
  author = {Kneidl, A. and Borrmann, A.},
  title = {How Do Pedestrians find their Way? Results of an experimental study
	with students compared to simulation results},
  booktitle = {Conference on Emergency Evacuation},
  year = {2011},
  publisher = {Warsaw, Poland},
  owner = {fabio},
  timestamp = {2011.12.14}
}

@comment{jabref-meta: selector_review:}

@comment{jabref-meta: selector_publisher:}

@comment{jabref-meta: selector_author:}

@comment{jabref-meta: selector_journal:}

@comment{jabref-meta: selector_keywords:}

