%% This BibTeX bibliography file was created using BibDesk.
%% http://bibdesk.sourceforge.net/


%% Created for Marcel Thielmann at 2011-12-16 18:07:17 +0100 


%% Saved with string encoding Unicode (UTF-8) 


@comment{jabref-meta: selector_review:}
@comment{jabref-meta: selector_publisher:}
@comment{jabref-meta: selector_author:}
@comment{jabref-meta: selector_journal:}
@comment{jabref-meta: selector_keywords:}



@unpublished{HeerBuehler,
	Author = {Philipp Heer and Lukas B\"uhler},
	Date-Added = {2011-12-16 17:04:32 +0100},
	Date-Modified = {2011-12-16 17:06:10 +0100},
	Month = {May},
	Title = {Pedestrian Dynamics: Airplane Evacuation Simulation},
	Year = {2011}}

@url{kdtree,
	Author = {Steven Michael},
	Date-Added = {2011-12-16 16:54:41 +0100},
	Date-Modified = {2011-12-16 16:55:22 +0100},
	Title = {KD Tree Nearest Neighbor and Range Search (http://www.mathworks.com/matlabcentral/fileexchange/7030)},
	Urldate = {16.12.2011}}

@url{fastmarching,
	Author = {Dirk-Jan Kroon},
	Date-Added = {2011-12-16 16:51:15 +0100},
	Date-Modified = {2011-12-16 18:07:17 +0100},
	Title = {Accurate Fast Marching \\ (http://www.mathworks.com/matlabcentral/fileexchange/24531)},
	Urldate = {16.12.2011}}

@article{Sethian,
	Abstract = {Abstract A  level set method is presented for monotonically advancing fronts, which leads to an extremely  scheme for solving the Eikonal equation. Level set methods are numerical techniques for computing the position of propagating fronts. They rely on an },
	Author = {J Sethian},
	Date-Added = {2011-12-16 16:46:05 +0100},
	Date-Modified = {2011-12-16 16:46:23 +0100},
	Journal = {Proceedings of the National Academy of Sciences},
	Local-Url = {file://localhost/Users/mthielma/Documents/Papers/1996/Sethian/Proceedings%20of%20the%20National%20Academy%20of%20%E2%80%A61996Sethian.pdf},
	Month = {Jan},
	Pmid = {2136730904180342263related:971EvG8xpx0J},
	Rating = {0},
	Read = {Yes},
	Title = {A fast marching level set method for monotonically advancing fronts},
	Uri = {papers://EB06C34E-D254-44E0-B126-41B56D216441/Paper/p20105},
	Url = {http://www.pnas.org/content/93/4/1591.short},
	Year = {1996},
	Bdsk-File-1 = {YnBsaXN0MDDUAQIDBAUIJidUJHRvcFgkb2JqZWN0c1gkdmVyc2lvblkkYXJjaGl2ZXLRBgdUcm9vdIABqAkKFRYXGyIjVSRudWxs0wsMDQ4RFFpOUy5vYmplY3RzV05TLmtleXNWJGNsYXNzog8QgASABqISE4ACgAOAB1lhbGlhc0RhdGFccmVsYXRpdmVQYXRo0hgNGRpXTlMuZGF0YU8RAkAAAAAAAkAAAgAADE1hY2ludG9zaCBIRAAAAAAAAAAAAAAAAAAAAMicQ5lIKwAAAIYDoB9Qcm9jZWVkaW5ncyBvZiB0aGUgTiM4NjAzQTEucGRmAAAAAAAAAAAAAAAAAAAAAAAAAAAAAAAAAAAAAAAAAAAAhgOhyw+w4QAAAAAAAAAAAAQABQAACSAAAAAAAAAAAAAAAAAAAAAHU2V0aGlhbgAAEAAIAADInCd5AAAAEQAIAADLD6LRAAAAAQAYAIYDoAAC/VsAAvy8AAL8IAACq4UAAqt9AAIAWU1hY2ludG9zaCBIRDpVc2VyczptdGhpZWxtYTpEb2N1bWVudHM6UGFwZXJzOjE5OTY6U2V0aGlhbjpQcm9jZWVkaW5ncyBvZiB0aGUgTiM4NjAzQTEucGRmAAAOAHAANwBQAHIAbwBjAGUAZQBkAGkAbgBnAHMAIABvAGYAIAB0AGgAZQAgAE4AYQB0AGkAbwBuAGEAbAAgAEEAYwBhAGQAZQBtAHkAIABvAGYAICAmADEAOQA5ADYAUwBlAHQAaABpAGEAbgAuAHAAZABmAA8AGgAMAE0AYQBjAGkAbgB0AG8AcwBoACAASABEABIAZlVzZXJzL210aGllbG1hL0RvY3VtZW50cy9QYXBlcnMvMTk5Ni9TZXRoaWFuL1Byb2NlZWRpbmdzIG9mIHRoZSBOYXRpb25hbCBBY2FkZW15IG9mIOKApjE5OTZTZXRoaWFuLnBkZgATAAEvAAAVAAIAD///AACABdIcHR4fWCRjbGFzc2VzWiRjbGFzc25hbWWjHyAhXU5TTXV0YWJsZURhdGFWTlNEYXRhWE5TT2JqZWN0bxBhAC4ALgAvAC4ALgAvAC4ALgAvAC4ALgAvAEQAbwBjAHUAbQBlAG4AdABzAC8AUABhAHAAZQByAHMALwAxADkAOQA2AC8AUwBlAHQAaABpAGEAbgAvAFAAcgBvAGMAZQBlAGQAaQBuAGcAcwAgAG8AZgAgAHQAaABlACAATgBhAHQAaQBvAG4AYQBsACAAQQBjAGEAZABlAG0AeQAgAG8AZgAgICYAMQA5ADkANgBTAGUAdABoAGkAYQBuAC4AcABkAGbSHB0kJaIlIVxOU0RpY3Rpb25hcnkSAAGGoF8QD05TS2V5ZWRBcmNoaXZlcgAIABEAFgAfACgAMgA1ADoAPABFAEsAUgBdAGUAbABvAHEAcwB2AHgAegB8AIYAkwCYAKAC5ALmAusC9AL/AwMDEQMYAyED5gPrA+4D+wQAAAAAAAAAAgEAAAAAAAAAKAAAAAAAAAAAAAAAAAAABBI=},
	Bdsk-Url-1 = {http://www.pnas.org/content/93/4/1591.short}}

@techreport{tobler,
	Author = {Waldo Tobler},
	Date-Added = {2011-12-16 16:41:47 +0100},
	Date-Modified = {2011-12-16 16:44:21 +0100},
	Institution = {NCGIA},
	Title = {Non-isotropic geographic modeling},
	Type = {TR-93-1},
	Year = {1993}}

@unpublished{graf,
	Author = {Graf, D. and Krebs, M.},
	Note = {Modelling and Simulating Social Systems with MATLAB, ETHZ},
	Owner = {fabio},
	Timestamp = {2011.12.14},
	Title = {Train Boarding Platform Simulation},
	Year = {2010}}

@article{Helbing2000,
	Author = {Helbing, D. and Farkas, I. and Vicsek, T.},
	Date-Modified = {2011-12-16 16:49:41 +0100},
	Journal = {Nature},
	Number = {6803},
	Owner = {fabio},
	Pages = {487-490},
	Timestamp = {2011.12.14},
	Title = {Simulating dynamical features of escape panic},
	Volume = {407},
	Year = {2000}}

@article{Helbing1995,
	Author = {Helbing, D. and Molnar, P.},
	Journal = {Physical Review E},
	Number = {5},
	Owner = {fabio},
	Pages = {4282-4286},
	Timestamp = {2011.12.14},
	Title = {Social Force Model for Pedestrian Dynamics},
	Volume = {51},
	Year = {1995}}

@conference{Kneidl,
	Author = {Kneidl, A. and Borrmann, A.},
	Booktitle = {Conference on Emergency Evacuation},
	Owner = {fabio},
	Publisher = {Warsaw, Poland},
	Timestamp = {2011.12.14},
	Title = {How Do Pedestrians find their Way? Results of an experimental study with students compared to simulation results},
	Year = {2011}}
